@book{教材,
  title={高等电力网络分析},
  author={张伯明;陈寿孙;严正},
  year={2007},
  publisher={清华大学出版社},
  edition={2},
  series={现代电力系统丛书}
}

@article{zimmerman2011matpower,
 author = "R. D. Zimmerman,C. E. Murillo-Sánchez and R. J. Thomas",
 title = "MATPOWER: Steady-State Operations, Planning and Analysis Tools for Power Systems Research and Education",
 journal = "Power Systems, {IEEE} Transactions on",
 volume = "26",
 number = "1",
 month = feb,
 address = "(Digital Object Identifier",
 publisher = "10",
 pages = "12--19",
 year = 2011
}

@misc{manual,
  title={Matpower 6.0 User’s Manual},
  author={R. D. Zimmerman,C. E. Murillo-S´anchez},
  year={2016}
}
